Oracle Application Express

https://apex.oracle.com/pls/apex/f?p=4550:1:716365811657171:::::