@misc{OracleApex,
  title = {{Oracle Application Express} Database},
  howpublished = {{https://apex.oracle.com/}},
  note = {Diakses: 2019-10-15}
}