@misc{OracleApex,
  title = {{Oracle Application Express} Database},
  howpublished = {{https://vshow.on24.com/vshow/oracle_academy_ve/home}},
  note = {Diakses: 15-10-2019}
}